<?xml version="1.0" encoding="UTF-8"?><collection xmlns="http://www.loc.gov/MARC21/slim"><record><leader>00608nam--2200229-u-4500</leader><controlfield tag="001">000050484</controlfield><controlfield tag="002">20161230</controlfield><controlfield tag="003">81832</controlfield><controlfield tag="005">20170105181245</controlfield><controlfield tag="008">070405s1000------------r-----000-0-eng-d</controlfield><datafield ind1=" " ind2=" " tag="020"><subfield code="a">981-270-008-0</subfield></datafield><datafield ind1=" " ind2=" " tag="040"><subfield code="a">IFIN-HH</subfield></datafield><datafield ind1=" " ind2=" " tag="041"><subfield code="a">eng</subfield></datafield><datafield ind1="1" ind2=" " tag="100"><subfield code="a">Kleinert,Hagen</subfield></datafield><datafield ind1="1" ind2="0" tag="245"><subfield code="a">Path Integrals in Quantum Mechanics, Statistics, Polymer Physics and Financial Markets</subfield></datafield><datafield ind1=" " ind2=" " tag="250"><subfield code="a">4th Edition</subfield></datafield><datafield ind1=" " ind2=" " tag="260"><subfield code="a">New Jersey</subfield><subfield code="b">World Scientific</subfield><subfield code="c">2006</subfield></datafield><datafield ind1=" " ind2=" " tag="300"><subfield code="a">1547 p</subfield></datafield><datafield ind1=" " ind2=" " tag="504"><subfield code="a">Includes Index</subfield></datafield><datafield ind1=" " ind2="4" tag="650"><subfield code="a">Path Integrals</subfield></datafield><datafield ind1=" " ind2=" " tag="852"><subfield code="a">81832</subfield><subfield code="c">517.2/3</subfield></datafield><datafield ind1=" " ind2=" " tag="CAT"><subfield code="a">SYS</subfield><subfield code="c">20170105</subfield><subfield code="h">181245</subfield></datafield></record></collection>